<?xml version="1.0" encoding="UTF-8"?><collection xmlns="http://www.loc.gov/MARC21/slim"><record><leader>00493nam--2200181-i-4500</leader><controlfield tag="001">000015027</controlfield><controlfield tag="002">20161230</controlfield><controlfield tag="005">20161230201031</controlfield><controlfield tag="008">060222s1000------------r-----000-0-eng-d</controlfield><datafield ind1=" " ind2=" " tag="040"><subfield code="a">IFIN-HH</subfield></datafield><datafield ind1=" " ind2=" " tag="080"><subfield code="a">53(038)=20=590</subfield></datafield><datafield ind1="1" ind2=" " tag="100"><subfield code="a">Gavrilas, Mariana</subfield></datafield><datafield ind1="1" ind2="0" tag="245"><subfield code="a">Dictionar de fizica englez-roman</subfield><subfield code="c">Mariana gavrilas, ludmila andreescu</subfield></datafield><datafield ind1=" " ind2=" " tag="260"><subfield code="a">Craiova</subfield><subfield code="b">Editura Tehnica</subfield><subfield code="c">1981</subfield></datafield><datafield ind1=" " ind2=" " tag="300"><subfield code="a">479 P</subfield></datafield><datafield ind1="1" ind2=" " tag="700"><subfield code="a">Andreescu, Ludmila</subfield></datafield><datafield ind1=" " ind2=" " tag="852"><subfield code="a">D.563</subfield><subfield code="c">SLG</subfield></datafield><datafield ind1=" " ind2=" " tag="CAT"><subfield code="a">Sys</subfield><subfield code="c">20130212</subfield><subfield code="h">111233</subfield></datafield></record></collection>